@article{agricultural,
title = {End-to-end sequence labeling via deep learning for automatic extraction of agricultural regulations},
journal = {Computers and Electronics in Agriculture},
volume = {162},
pages = {106-111},
year = {2019},
issn = {0168-1699},
doi = {https://doi.org/10.1016/j.compag.2019.03.027},
url = {https://www.sciencedirect.com/science/article/pii/S0168169918311402},
author = {Borja Espejo-Garcia and Francisco J. Lopez-Pellicer and Javier Lacasta and Ram√≥n {Piedrafita Moreno} and F. Javier Zarazaga-Soria}
}

@inproceedings{flairpaper,
  title={Contextual string embeddings for sequence labeling},
  author={Akbik, Alan and Blythe, Duncan and Vollgraf, Roland},
  booktitle={Proceedings of the 27th international conference on computational linguistics},
  pages={1638--1649},
  year={2018}
}

@inproceedings{bertEL,
    title = "Investigating Entity Knowledge in {BERT} with Simple Neural End-To-End Entity Linking",
    author = "Broscheit, Samuel",
    booktitle = "Proceedings of the 23rd Conference on Computational Natural Language Learning (CoNLL)",
    month = nov,
    year = "2019",
    address = "Hong Kong, China",
    publisher = "Association for Computational Linguistics",
    url = "https://www.aclweb.org/anthology/K19-1063",
    doi = "10.18653/v1/K19-1063",
    pages = "677--685"
}

@inproceedings{kolitsas,
    title = "End-to-End Neural Entity Linking",
    author = "Kolitsas, Nikolaos  and
      Ganea, Octavian-Eugen  and
      Hofmann, Thomas",
    booktitle = "Proceedings of the 22nd Conference on Computational Natural Language Learning",
    month = oct,
    year = "2018",
    address = "Brussels, Belgium",
    publisher = "Association for Computational Linguistics",
    url = "https://www.aclweb.org/anthology/K18-1050",
    doi = "10.18653/v1/K18-1050",
    pages = "519--529"
}

@inproceedings{scalablezeroshot,
    title = "Scalable Zero-shot Entity Linking with Dense Entity Retrieval",
    author = "Wu, Ledell  and
      Petroni, Fabio  and
      Josifoski, Martin  and
      Riedel, Sebastian  and
      Zettlemoyer, Luke",
    booktitle = "Proceedings of the 2020 Conference on Empirical Methods in Natural Language Processing (EMNLP)",
    month = nov,
    year = "2020",
    address = "Online",
    publisher = "Association for Computational Linguistics",
    url = "https://www.aclweb.org/anthology/2020.emnlp-main.519",
    doi = "10.18653/v1/2020.emnlp-main.519",
    pages = "6397--6407"
}

@inproceedings{ClinicalConcept,
    title = "Clinical Concept Linking with Contextualized Neural Representations",
    author = "Schumacher, Elliot  and
      Mulyar, Andriy  and
      Dredze, Mark",
    booktitle = "Proceedings of the 58th Annual Meeting of the Association for Computational Linguistics",
    month = jul,
    year = "2020",
    address = "Online",
    publisher = "Association for Computational Linguistics",
    url = "https://www.aclweb.org/anthology/2020.acl-main.760",
    doi = "10.18653/v1/2020.acl-main.760",
    pages = "8585--8592"
}

@inproceedings{NERsurvey,
    title = "A Survey on Recent Advances in Named Entity Recognition from Deep Learning models",
    author = "Yadav, Vikas  and
      Bethard, Steven",
    booktitle = "Proceedings of the 27th International Conference on Computational Linguistics",
    month = aug,
    year = "2018",
    address = "Santa Fe, New Mexico, USA",
    publisher = "Association for Computational Linguistics",
    url = "https://www.aclweb.org/anthology/C18-1182",
    pages = "2145--2158"
}

@inproceedings{NERgazetteer,
    title = "Towards Improving Neural Named Entity Recognition with Gazetteers",
    author = "Liu, Tianyu  and
      Yao, Jin-Ge  and
      Lin, Chin-Yew",
    booktitle = "Proceedings of the 57th Annual Meeting of the Association for Computational Linguistics",
    month = jul,
    year = "2019",
    address = "Florence, Italy",
    publisher = "Association for Computational Linguistics",
    url = "https://www.aclweb.org/anthology/P19-1524",
    doi = "10.18653/v1/P19-1524",
    pages = "5301--5307"
}

@inproceedings{NERDict,
    title = "Named Entity Recognition with Context-Aware Dictionary Knowledge",
    author = "Wu, Chuhan  and
      Wu, Fangzhao  and
      Qi, Tao  and
      Huang, Yongfeng",
    booktitle = "Proceedings of the 19th Chinese National Conference on Computational Linguistics",
    month = oct,
    year = "2020",
    address = "Haikou, China",
    publisher = "Chinese Information Processing Society of China",
    url = "https://www.aclweb.org/anthology/2020.ccl-1.85",
    pages = "915--926"
}

@inproceedings{gupta,
    title = "Entity Linking via Joint Encoding of Types, Descriptions, and Context",
    author = "Gupta, Nitish  and
      Singh, Sameer  and
      Roth, Dan",
    booktitle = "Proceedings of the 2017 Conference on Empirical Methods in Natural Language Processing",
    month = sep,
    year = "2017",
    address = "Copenhagen, Denmark",
    publisher = "Association for Computational Linguistics",
    url = "https://www.aclweb.org/anthology/D17-1284",
    doi = "10.18653/v1/D17-1284",
    pages = "2681--2690"
}

@inproceedings{EntityRep1,
 author = {Socher, Richard and Chen, Danqi and Manning, Christopher D and Ng, Andrew},
 booktitle = {Advances in Neural Information Processing Systems},
 editor = {C. J. C. Burges and L. Bottou and M. Welling and Z. Ghahramani and K. Q. Weinberger},
 pages = {},
 publisher = {Curran Associates, Inc.},
 title = {Reasoning With Neural Tensor Networks for Knowledge Base Completion},
 url = {https://proceedings.neurips.cc/paper/2013/file/b337e84de8752b27eda3a12363109e80-Paper.pdf},
 volume = {26},
 year = {2013}
}

@inproceedings{MedicalTriplet,
    title = "Medical Entity Linking using Triplet Network",
    author = "Mondal, Ishani  and
      Purkayastha, Sukannya  and
      Sarkar, Sudeshna  and
      Goyal, Pawan  and
      Pillai, Jitesh  and
      Bhattacharyya, Amitava  and
      Gattu, Mahanandeeshwar",
    booktitle = "Proceedings of the 2nd Clinical Natural Language Processing Workshop",
    month = jun,
    year = "2019",
    address = "Minneapolis, Minnesota, USA",
    publisher = "Association for Computational Linguistics",
    url = "https://www.aclweb.org/anthology/W19-1912",
    doi = "10.18653/v1/W19-1912",
    pages = "95--100"
}

@InProceedings{RDF2Vec,
author="Ristoski, Petar
and Paulheim, Heiko",
editor="Groth, Paul
and Simperl, Elena
and Gray, Alasdair
and Sabou, Marta
and Kr{\"o}tzsch, Markus
and Lecue, Freddy
and Fl{\"o}ck, Fabian
and Gil, Yolanda",
title="RDF2Vec: RDF Graph Embeddings for Data Mining",
booktitle="The Semantic Web -- ISWC 2016",
year="2016",
publisher="Springer International Publishing",
address="Cham",
pages="498--514"
}

@inproceedings{MedDiffArc,
    title = "Simple Hierarchical Multi-Task Neural End-To-End Entity Linking for Biomedical Text",
    author = "Wiatrak, Maciej  and
      Iso-Sipila, Juha",
    booktitle = "Proceedings of the 11th International Workshop on Health Text Mining and Information Analysis",
    month = nov,
    year = "2020",
    address = "Online",
    publisher = "Association for Computational Linguistics",
    url = "https://www.aclweb.org/anthology/2020.louhi-1.2",
    doi = "10.18653/v1/2020.louhi-1.2",
    pages = "12--17"
}

@INPROCEEDINGS{TechTickets,
  author={N. {Kurz} and F. {Hamann} and A. {Ulges}},
  booktitle={2020 7th Swiss Conference on Data Science (SDS)}, 
  title={Neural Entity Linking on Technical Service Tickets}, 
  year={2020},
  volume={},
  number={},
  pages={35-40},
  doi={10.1109/SDS49233.2020.00014}
 }
 
@inproceedings{NERDict2,
    title = "Learning Named Entity Tagger using Domain-Specific Dictionary",
    author = "Shang, Jingbo  and
      Liu, Liyuan  and
      Gu, Xiaotao  and
      Ren, Xiang  and
      Ren, Teng  and
      Han, Jiawei",
    booktitle = "Proceedings of the 2018 Conference on Empirical Methods in Natural Language Processing",
    month = oct # "-" # nov,
    year = "2018",
    address = "Brussels, Belgium",
    publisher = "Association for Computational Linguistics",
    url = "https://www.aclweb.org/anthology/D18-1230",
    doi = "10.18653/v1/D18-1230",
    pages = "2054--2064"
}

@InProceedings{MedLinker,
author="Loureiro, Daniel
and Jorge, Al{\'i}pio M{\'a}rio",
editor="Jose, Joemon M.
and Yilmaz, Emine
and Magalh{\~a}es, Jo{\~a}o
and Castells, Pablo
and Ferro, Nicola
and Silva, M{\'a}rio J.
and Martins, Fl{\'a}vio",
title="MedLinker: Medical Entity Linking with Neural Representations and Dictionary Matching",
booktitle="Advances in Information Retrieval",
year="2020",
publisher="Springer International Publishing",
address="Cham",
pages="230--237",
isbn="978-3-030-45442-5"
}

@inproceedings{MedFeedback,
  title={A neural multi-task learning framework to jointly model medical named entity recognition and normalization},
  author={Zhao, Sendong and Liu, Ting and Zhao, Sicheng and Wang, Fei},
  booktitle={Proceedings of the AAAI Conference on Artificial Intelligence},
  volume={33},
  pages={817--824},
  year={2019}
}

@Article{quote1,
AUTHOR = {Zhang, Hongzhi and Zhang, Weili and Huang, Tinglei and Liang, Xiao and Fu, Kun},
TITLE = {A Two-Stage Joint Model for Domain-Specific Entity Detection and Linking Leveraging an Unlabeled Corpus},
JOURNAL = {Information},
VOLUME = {8},
YEAR = {2017},
NUMBER = {2},
ARTICLE-NUMBER = {59},
URL = {https://www.mdpi.com/2078-2489/8/2/59},
ISSN = {2078-2489},
DOI = {10.3390/info8020059}
}

@inproceedings{googleintern,
    title = "Learning Dense Representations for Entity Retrieval",
    author = "Gillick, Daniel  and
      Kulkarni, Sayali  and
      Lansing, Larry  and
      Presta, Alessandro  and
      Baldridge, Jason  and
      Ie, Eugene  and
      Garcia-Olano, Diego",
    booktitle = "Proceedings of the 23rd Conference on Computational Natural Language Learning (CoNLL)",
    month = nov,
    year = "2019",
    address = "Hong Kong, China",
    publisher = "Association for Computational Linguistics",
    url = "https://www.aclweb.org/anthology/K19-1049",
    doi = "10.18653/v1/K19-1049",
    pages = "528--537"
}


@inproceedings{cosmetic,
    title = "Headword-Oriented Entity Linking: A Special Entity Linking Task with Dataset and Baseline",
    author = "Yang, Mu  and
      Chen, Chi-Yen  and
      Lee, Yi-Hui  and
      Zeng, Qian-hui  and
      Ma, Wei-Yun  and
      Shih, Chen-Yang  and
      Chen, Wei-Jhih",
    booktitle = "Proceedings of the 12th Language Resources and Evaluation Conference",
    month = may,
    year = "2020",
    address = "Marseille, France",
    publisher = "European Language Resources Association",
    url = "https://www.aclweb.org/anthology/2020.lrec-1.235",
    pages = "1910--1917",
    ISBN = "979-10-95546-34-4"
}

@inproceedings{BERTLayers,
    title = "What{'}s so special about {BERT}{'}s layers? A closer look at the {NLP} pipeline in monolingual and multilingual models",
    author = "de Vries, Wietse  and
      van Cranenburgh, Andreas  and
      Nissim, Malvina",
    booktitle = "Findings of the Association for Computational Linguistics: EMNLP 2020",
    month = nov,
    year = "2020",
    address = "Online",
    publisher = "Association for Computational Linguistics",
    url = "https://www.aclweb.org/anthology/2020.findings-emnlp.389",
    doi = "10.18653/v1/2020.findings-emnlp.389",
    pages = "4339--4350"
}

@inproceedings{tritrain,
    title = "Tri-Train: Automatic Pre-Fine Tuning between Pre-Training and Fine-Tuning for {S}ci{NER}",
    author = "Zeng, Qingkai  and
      Yu, Wenhao  and
      Yu, Mengxia  and
      Jiang, Tianwen  and
      Weninger, Tim  and
      Jiang, Meng",
    booktitle = "Findings of the Association for Computational Linguistics: EMNLP 2020",
    month = nov,
    year = "2020",
    address = "Online",
    publisher = "Association for Computational Linguistics",
    url = "https://www.aclweb.org/anthology/2020.findings-emnlp.429",
    doi = "10.18653/v1/2020.findings-emnlp.429",
    pages = "4778--4787"
}

@inproceedings{word2vectoBERT,
    title = "Inexpensive Domain Adaptation of Pretrained Language Models: Case Studies on Biomedical {NER} and Covid-19 {QA}",
    author = {Poerner, Nina  and
      Waltinger, Ulli  and
      Sch{\"u}tze, Hinrich},
    booktitle = "Findings of the Association for Computational Linguistics: EMNLP 2020",
    month = nov,
    year = "2020",
    address = "Online",
    publisher = "Association for Computational Linguistics",
    url = "https://www.aclweb.org/anthology/2020.findings-emnlp.134",
    doi = "10.18653/v1/2020.findings-emnlp.134",
    pages = "1482--1490"
}

@inproceedings{MoreEmbed,
    title = "More Embeddings, Better Sequence Labelers?",
    author = "Wang, Xinyu  and
      Jiang, Yong  and
      Bach, Nguyen  and
      Wang, Tao  and
      Huang, Zhongqiang  and
      Huang, Fei  and
      Tu, Kewei",
    booktitle = "Findings of the Association for Computational Linguistics: EMNLP 2020",
    month = nov,
    year = "2020",
    address = "Online",
    publisher = "Association for Computational Linguistics",
    url = "https://www.aclweb.org/anthology/2020.findings-emnlp.356",
    doi = "10.18653/v1/2020.findings-emnlp.356",
    pages = "3992--4006"
}

@inproceedings{exBERT,
    title = "ex{BERT}: Extending Pre-trained Models with Domain-specific Vocabulary Under Constrained Training Resources",
    author = "Tai, Wen  and
      Kung, H. T.  and
      Dong, Xin  and
      Comiter, Marcus  and
      Kuo, Chang-Fu",
    booktitle = "Findings of the Association for Computational Linguistics: EMNLP 2020",
    month = nov,
    year = "2020",
    address = "Online",
    publisher = "Association for Computational Linguistics",
    url = "https://www.aclweb.org/anthology/2020.findings-emnlp.129",
    doi = "10.18653/v1/2020.findings-emnlp.129",
    pages = "1433--1439"
}

@inproceedings{dontstop,
 author = {Suchin Gururangan and Ana Marasoviƒá and Swabha Swayamdipta and Kyle Lo and Iz Beltagy and Doug Downey and Noah A. Smith},
 title = {Don't Stop Pretraining: Adapt Language Models to Domains and Tasks},
 year = {2020},
 booktitle = {Proceedings of ACL},
}

@article{MedDict,
title = {Incorporating dictionaries into deep neural networks for the Chinese clinical named entity recognition},
author = {Qi Wang and Yangming Zhou and Tong Ruan and Daqi Gao and Yuhang Xia and Ping He},
journal = {Journal of Biomedical Informatics},
volume = {92},
pages = {103133},
year = {2019},
issn = {1532-0464},
doi = {https://doi.org/10.1016/j.jbi.2019.103133},
url = {https://www.sciencedirect.com/science/article/pii/S1532046419300516}
}

@article{latte, 
title={LATTE: Latent Type Modeling for Biomedical Entity Linking}, 
volume={34}, 
url={https://ojs.aaai.org/index.php/AAAI/article/view/6526}, DOI={10.1609/aaai.v34i05.6526},
number={05},
journal={Proceedings of the AAAI Conference on Artificial Intelligence}, 
author={Zhu, Ming and Celikkaya, Busra and Bhatia, Parminder and Reddy, Chandan K.}, 
year={2020}, 
month={Apr.}, 
pages={9757-9764} 
}

@article{quote3,
  author    = {Kathleen C. Fraser and
               Isar Nejadgholi and
               Berry de Bruijn and
               Muqun Li and
               Astha LaPlante and
               Khaldoun Zine El Abidine},
  title     = {Extracting {UMLS} Concepts from Medical Text Using General and Domain-Specific
               Deep Learning Models},
  journal   = {CoRR},
  volume    = {abs/1910.01274},
  year      = {2019},
  eprint    = {1910.01274},
}

@inproceedings{BERT,
    title = "{BERT}: Pre-training of Deep Bidirectional Transformers for Language Understanding",
    author = "Devlin, Jacob  and
      Chang, Ming-Wei  and
      Lee, Kenton  and
      Toutanova, Kristina",
    booktitle = "Proceedings of the 2019 Conference of the North {A}merican Chapter of the Association for Computational Linguistics: Human Language Technologies, Volume 1 (Long and Short Papers)",
    month = jun,
    year = "2019",
    address = "Minneapolis, Minnesota",
    publisher = "Association for Computational Linguistics",
    url = "https://www.aclweb.org/anthology/N19-1423",
    doi = "10.18653/v1/N19-1423",
    pages = "4171--4186"
}

@inproceedings{SciBERT,
    title = "{S}ci{BERT}: A Pretrained Language Model for Scientific Text",
    author = "Beltagy, Iz  and
      Lo, Kyle  and
      Cohan, Arman",
    booktitle = "Proceedings of the 2019 Conference on Empirical Methods in Natural Language Processing and the 9th International Joint Conference on Natural Language Processing (EMNLP-IJCNLP)",
    month = nov,
    year = "2019",
    address = "Hong Kong, China",
    publisher = "Association for Computational Linguistics",
    url = "https://www.aclweb.org/anthology/D19-1371",
    doi = "10.18653/v1/D19-1371",
    pages = "3615--3620"
}

@inproceedings{REL,
 author =    {van Hulst, Johannes M. and Hasibi, Faegheh and Dercksen, Koen and Balog, Krisztian and de Vries, Arjen P.},
 title =     {REL: An Entity Linker Standing on the Shoulders of Giants},
 booktitle = {Proceedings of the 43rd International ACM SIGIR Conference on Research and Development in Information Retrieval},
 series =    {SIGIR '20},
 year =      {2020},
 publisher = {ACM}
}

@inproceedings{StackLSTM,
    title = "Joint Learning of Named Entity Recognition and Entity Linking",
    author = "Martins, Pedro Henrique  and
      Marinho, Zita  and
      Martins, Andr{\'e} F. T.",
    booktitle = "Proceedings of the 57th Annual Meeting of the Association for Computational Linguistics: Student Research Workshop",
    month = jul,
    year = "2019",
    address = "Florence, Italy",
    publisher = "Association for Computational Linguistics",
    url = "https://www.aclweb.org/anthology/P19-2026",
    doi = "10.18653/v1/P19-2026",
    pages = "190--196"
}


@InProceedings{ElsPaper,
author="Kayal, Subhradeep
and Afzal, Zubair
and Tsatsaronis, George
and Doornenbal, Marius
and Katrenko, Sophia
and Gregory, Michelle",
editor="Nicosia, Giuseppe
and Pardalos, Panos
and Giuffrida, Giovanni
and Umeton, Renato
and Sciacca, Vincenzo",
title="A Framework to Automatically Extract Funding Information from Text",
booktitle="Machine Learning, Optimization, and Data Science",
year="2019",
publisher="Springer International Publishing",
address="Cham",
pages="317--328"
}

@inproceedings{AckExtract,
    title = "Acknowledgement Entity Recognition in {CORD}-19 Papers",
    author = "Wu, Jian  and
      Wang, Pei  and
      Wei, Xin  and
      Rajtmajer, Sarah  and
      Giles, C. Lee  and
      Griffin, Christopher",
    booktitle = "Proceedings of the First Workshop on Scholarly Document Processing",
    month = nov,
    year = "2020",
    address = "Online",
    publisher = "Association for Computational Linguistics",
    url = "https://www.aclweb.org/anthology/2020.sdp-1.3",
    doi = "10.18653/v1/2020.sdp-1.3",
    pages = "10--19"
}

@article{CORD,
  title={Cord-19: The covid-19 open research dataset},
  author={Wang, Lucy Lu and Lo, Kyle and Chandrasekhar, Yoganand and Reas, Russell and Yang, Jiangjiang and Eide, Darrin and Funk, Kathryn and Kinney, Rodney and Liu, Ziyang and Merrill, William and others},
  journal={ArXiv},
  year={2020},
  publisher={ArXiv}
}

@ARTICLE{GrantExtractor,
  author={S. {Dai} and Y. {Ding} and Z. {Zhang} and W. {Zuo} and X. {Huang} and S. {Zhu}},
  journal={IEEE/ACM Transactions on Computational Biology and Bioinformatics}, 
  title={GrantExtractor: Accurate Grant Support Information Extraction from Biomedical Fulltext Based on Bi-LSTM-CRF}, 
  year={2021},
  volume={18},
  number={1},
  pages={205-215},
  doi={10.1109/TCBB.2019.2939128}}
  
  
 @article{BiLSTMCRF,
  title={Bidirectional LSTM-CRF models for sequence tagging},
  author={Huang, Zhiheng and Xu, Wei and Yu, Kai},
  journal={arXiv preprint arXiv:1508.01991},
  year={2015}
}

@inproceedings{stanza,
    title={Stanza: A {Python} Natural Language Processing Toolkit for Many Human Languages},
    author={Qi, Peng and Zhang, Yuhao and Zhang, Yuhui and Bolton, Jason and Manning, Christopher D.},
    booktitle = "Proceedings of the 58th Annual Meeting of the Association for Computational Linguistics: System Demonstrations",
    year={2020}
}

@article{giles2004gets,
  title={Who gets acknowledged: Measuring scientific contributions through automatic acknowledgment indexing},
  author={Giles, C Lee and Councill, Isaac G},
  journal={Proceedings of the National Academy of Sciences},
  volume={101},
  number={51},
  pages={17599--17604},
  year={2004},
  publisher={National Acad Sciences}
}

@inproceedings{LUKE,
    title = "{LUKE}: Deep Contextualized Entity Representations with Entity-aware Self-attention",
    author = "Yamada, Ikuya  and
      Asai, Akari  and
      Shindo, Hiroyuki  and
      Takeda, Hideaki  and
      Matsumoto, Yuji",
    booktitle = "Proceedings of the 2020 Conference on Empirical Methods in Natural Language Processing (EMNLP)",
    month = nov,
    year = "2020",
    address = "Online",
    publisher = "Association for Computational Linguistics",
    url = "https://www.aclweb.org/anthology/2020.emnlp-main.523",
    doi = "10.18653/v1/2020.emnlp-main.523",
    pages = "6442--6454"
}

@inproceedings{transformer,
 author = {Vaswani, Ashish and Shazeer, Noam and Parmar, Niki and Uszkoreit, Jakob and Jones, Llion and Gomez, Aidan N and Kaiser, \L ukasz and Polosukhin, Illia},
 booktitle = {Advances in Neural Information Processing Systems},
 editor = {I. Guyon and U. V. Luxburg and S. Bengio and H. Wallach and R. Fergus and S. Vishwanathan and R. Garnett},
 pages = {},
 publisher = {Curran Associates, Inc.},
 title = {Attention is All you Need},
 url = {https://proceedings.neurips.cc/paper/2017/file/3f5ee243547dee91fbd053c1c4a845aa-Paper.pdf},
 volume = {30},
 year = {2017}
}

@inproceedings{conll,
    title = "Introduction to the {C}o{NLL}-2003 Shared Task: Language-Independent Named Entity Recognition",
    author = "Tjong Kim Sang, Erik F.  and
      De Meulder, Fien",
    booktitle = "Proceedings of the Seventh Conference on Natural Language Learning at {HLT}-{NAACL} 2003",
    year = "2003",
    url = "https://www.aclweb.org/anthology/W03-0419",
    pages = "142--147",
}

@inproceedings{raiman,
  title={Deeptype: multilingual entity linking by neural type system evolution},
  author={Raiman, Jonathan and Raiman, Olivier},
  booktitle={Proceedings of the AAAI Conference on Artificial Intelligence},
  volume={32},
  year={2018}
}

@inproceedings{mulang,
author = {Mulang', Isaiah Onando and Singh, Kuldeep and Prabhu, Chaitali and Nadgeri, Abhishek and Hoffart, Johannes and Lehmann, Jens},
title = {Evaluating the Impact of Knowledge Graph Context on Entity Disambiguation Models},
year = {2020},
isbn = {9781450368599},
publisher = {Association for Computing Machinery},
address = {New York, NY, USA},
url = {https://doi.org/10.1145/3340531.3412159},
doi = {10.1145/3340531.3412159},
booktitle = {Proceedings of the 29th ACM International Conference on Information \& Knowledge Management},
pages = {2157‚Äì2160},
numpages = {4},
location = {Virtual Event, Ireland},
series = {CIKM '20}
}


@article{wikidisamb,
author = {Ferragina, Paolo and Scaiella, Ugo},
title = {Fast and Accurate Annotation of Short Texts with Wikipedia Pages},
year = {2012},
issue_date = {January 2012},
publisher = {IEEE Computer Society Press},
address = {Washington, DC, USA},
volume = {29},
number = {1},
issn = {0740-7459},
url = {https://doi.org/10.1109/MS.2011.122},
doi = {10.1109/MS.2011.122},
journal = {IEEE Softw.},
month = jan,
pages = {70‚Äì75},
numpages = {6}
}

@inproceedings{CoNLLYago,
    title = "Robust Disambiguation of Named Entities in Text",
    author = {Hoffart, Johannes  and
      Yosef, Mohamed Amir  and
      Bordino, Ilaria  and
      F{\"u}rstenau, Hagen  and
      Pinkal, Manfred  and
      Spaniol, Marc  and
      Taneva, Bilyana  and
      Thater, Stefan  and
      Weikum, Gerhard},
    booktitle = "Proceedings of the 2011 Conference on Empirical Methods in Natural Language Processing",
    month = jul,
    year = "2011",
    address = "Edinburgh, Scotland, UK.",
    publisher = "Association for Computational Linguistics",
    url = "https://www.aclweb.org/anthology/D11-1072",
    pages = "782--792",
}

@inproceedings{dca,
    title = "Learning Dynamic Context Augmentation for Global Entity Linking",
    author = "Yang, Xiyuan  and
      Gu, Xiaotao  and
      Lin, Sheng  and
      Tang, Siliang  and
      Zhuang, Yueting  and
      Wu, Fei  and
      Chen, Zhigang  and
      Hu, Guoping  and
      Ren, Xiang",
    booktitle = "Proceedings of the 2019 Conference on Empirical Methods in Natural Language Processing and the 9th International Joint Conference on Natural Language Processing (EMNLP-IJCNLP)",
    month = nov,
    year = "2019",
    address = "Hong Kong, China",
    publisher = "Association for Computational Linguistics",
    url = "https://www.aclweb.org/anthology/D19-1026",
    doi = "10.18653/v1/D19-1026",
    pages = "271--281"
}

@inproceedings{wikilinksned,
  title={Fine-Grained Entity Typing for Domain Independent Entity Linking},
  author={Yasumasa Onoe and Greg Durrett},
  booktitle={AAAI},
  year={2020}
}

@article{polyencoders,
  title={Poly-encoders: Transformer architectures and pre-training strategies for fast and accurate multi-sentence scoring},
  author={Humeau, Samuel and Shuster, Kurt and Lachaux, Marie-Anne and Weston, Jason},
  journal={arXiv preprint arXiv:1905.01969},
  year={2019}
}

@inproceedings{glove,
    title = "{G}lo{V}e: Global Vectors for Word Representation",
    author = "Pennington, Jeffrey  and
      Socher, Richard  and
      Manning, Christopher",
    booktitle = "Proceedings of the 2014 Conference on Empirical Methods in Natural Language Processing ({EMNLP})",
    month = oct,
    year = "2014",
    address = "Doha, Qatar",
    publisher = "Association for Computational Linguistics",
    url = "https://www.aclweb.org/anthology/D14-1162",
    doi = "10.3115/v1/D14-1162",
    pages = "1532--1543",
}

@inproceedings{kolitsasEmbed,
    title = "Deep Joint Entity Disambiguation with Local Neural Attention",
    author = "Ganea, Octavian-Eugen  and
      Hofmann, Thomas",
    booktitle = "Proceedings of the 2017 Conference on Empirical Methods in Natural Language Processing",
    month = sep,
    year = "2017",
    address = "Copenhagen, Denmark",
    publisher = "Association for Computational Linguistics",
    url = "https://www.aclweb.org/anthology/D17-1277",
    doi = "10.18653/v1/D17-1277",
    pages = "2619--2629"
}

@book{nlpnotes,
    author    = "Jacob Eisenstein",
    title     = "Natural Language Processing",
    year      = "2018",
    publisher = "GitHub"
}

@inproceedings{mentnorm,
    title = "Improving Entity Linking by Modeling Latent Relations between Mentions",
    author = "Le, Phong  and
      Titov, Ivan",
    booktitle = "Proceedings of the 56th Annual Meeting of the Association for Computational Linguistics (Volume 1: Long Papers)",
    month = jul,
    year = "2018",
    address = "Melbourne, Australia",
    publisher = "Association for Computational Linguistics",
    url = "https://www.aclweb.org/anthology/P18-1148",
    doi = "10.18653/v1/P18-1148",
    pages = "1595--1604"
}

@inproceedings{quote2,
    title = "Automatic Induction of Named Entity Classes from Legal Text Corpora",
    author = "Bourgonje, Peter and Breit, Anna and Khvalchik, Maria and Mireles, Victor and Moreno-Schneider, Julian and Revenko, Artem and Rehm, Georg",
    booktitle = "International Workshop on Artificial Intelligence for Legal Documents (AI4LEGAL2020)",
    month = nov,
    year = "2020",
    volume="2722",
    pages = "1--11"
}

@InProceedings{pretrainedLM,
author="Nagda, Keval
and Mukherjee, Anirudh
and Shah, Milind
and Mulchandani, Pratik
and Kurup, Lakshmi",
editor="Vasudevan, Hari
and Michalas, Antonis
and Shekokar, Narendra
and Narvekar, Meera",
title="Ascent of Pre-trained State-of-the-Art Language Models",
booktitle="Advanced Computing Technologies and Applications",
year="2020",
publisher="Springer Singapore",
address="Singapore",
pages="269--280"
}

@article{w2v,
  title={Efficient estimation of word representations in vector space},
  author={Mikolov, Tomas and Chen, Kai and Corrado, Greg and Dean, Jeffrey},
  journal={arXiv preprint arXiv:1301.3781},
  year={2013}
}

@inproceedings{wikipedia2vec1,
    title = "Joint Learning of the Embedding of Words and Entities for Named Entity Disambiguation",
    author = "Yamada, Ikuya  and
      Shindo, Hiroyuki  and
      Takeda, Hideaki  and
      Takefuji, Yoshiyasu",
    booktitle = "Proceedings of The 20th {SIGNLL} Conference on Computational Natural Language Learning",
    month = aug,
    year = "2016",
    address = "Berlin, Germany",
    publisher = "Association for Computational Linguistics",
    url = "https://www.aclweb.org/anthology/K16-1025",
    doi = "10.18653/v1/K16-1025",
    pages = "250--259",
}

@inproceedings{wikipedia2vec2,
    title = "{W}ikipedia2{V}ec: An Efficient Toolkit for Learning and Visualizing the Embeddings of Words and Entities from {W}ikipedia",
    author = "Yamada, Ikuya  and
      Asai, Akari  and
      Sakuma, Jin  and
      Shindo, Hiroyuki  and
      Takeda, Hideaki  and
      Takefuji, Yoshiyasu  and
      Matsumoto, Yuji",
    booktitle = "Proceedings of the 2020 Conference on Empirical Methods in Natural Language Processing: System Demonstrations",
    month = oct,
    year = "2020",
    address = "Online",
    publisher = "Association for Computational Linguistics",
    url = "https://www.aclweb.org/anthology/2020.emnlp-demos.4",
    doi = "10.18653/v1/2020.emnlp-demos.4",
    pages = "23--30"
}

@inproceedings{TransE,
author = {Bordes, Antoine and Usunier, Nicolas and Garcia-Dur\'{a}n, Alberto and Weston, Jason and Yakhnenko, Oksana},
title = {Translating Embeddings for Modeling Multi-Relational Data},
year = {2013},
publisher = {Curran Associates Inc.},
address = {Red Hook, NY, USA},
booktitle = {Proceedings of the 26th International Conference on Neural Information Processing Systems - Volume 2},
pages = {2787‚Äì2795},
numpages = {9},
location = {Lake Tahoe, Nevada},
series = {NIPS'13}
}

@inproceedings{TransEimproved,
    title = "Knowledge Graph Embedding via Dynamic Mapping Matrix",
    author = "Ji, Guoliang  and
      He, Shizhu  and
      Xu, Liheng  and
      Liu, Kang  and
      Zhao, Jun",
    booktitle = "Proceedings of the 53rd Annual Meeting of the Association for Computational Linguistics and the 7th International Joint Conference on Natural Language Processing (Volume 1: Long Papers)",
    month = jul,
    year = "2015",
    address = "Beijing, China",
    publisher = "Association for Computational Linguistics",
    url = "https://www.aclweb.org/anthology/P15-1067",
    doi = "10.3115/v1/P15-1067",
    pages = "687--696",
}

@article{ncbi,
  title={NCBI disease corpus: a resource for disease name recognition and concept normalization},
  author={Do{\u{g}}an, Rezarta Islamaj and Leaman, Robert and Lu, Zhiyong},
  journal={Journal of biomedical informatics},
  volume={47},
  pages={1--10},
  year={2014},
  publisher={Elsevier}
}

@InProceedings{tripletNetwork,
author="Hoffer, Elad
and Ailon, Nir",
editor="Feragen, Aasa
and Pelillo, Marcello
and Loog, Marco",
title="Deep Metric Learning Using Triplet Network",
booktitle="Similarity-Based Pattern Recognition",
year="2015",
publisher="Springer International Publishing",
address="Cham",
pages="84--92",
isbn="978-3-319-24261-3"
}

@article{lstm,
author = {Hochreiter, Sepp and Schmidhuber, J\"{u}rgen},
title = {Long Short-Term Memory},
year = {1997},
issue_date = {November 15, 1997},
publisher = {MIT Press},
address = {Cambridge, MA, USA},
volume = {9},
number = {8},
issn = {0899-7667},
url = {https://doi.org/10.1162/neco.1997.9.8.1735},
doi = {10.1162/neco.1997.9.8.1735},
journal = {Neural Comput.},
month = nov,
pages = {1735‚Äì1780},
numpages = {46}
}

@inproceedings{bilstm,
  title={Speech recognition with deep recurrent neural networks},
  author={Graves, Alex and Mohamed, Abdel-rahman and Hinton, Geoffrey},
  booktitle={2013 IEEE international conference on acoustics, speech and signal processing},
  pages={6645--6649},
  year={2013},
  organization={Ieee}
}

@article{bc5cdr,
  title={BioCreative V CDR task corpus: a resource for chemical disease relation extraction},
  author={Li, Jiao and Sun, Yueping and Johnson, Robin J and Sciaky, Daniela and Wei, Chih-Hsuan and Leaman, Robert and Davis, Allan Peter and Mattingly, Carolyn J and Wiegers, Thomas C and Lu, Zhiyong},
  journal={Database},
  volume={2016},
  year={2016},
  publisher={Oxford Academic}
}

@article{medmentions,
  title={Medmentions: a large biomedical corpus annotated with UMLS concepts},
  author={Mohan, Sunil and Li, Donghui},
  journal={arXiv preprint arXiv:1902.09476},
  year={2019}
}

@book{balog,
  title={Entity-oriented search},
  author={Balog, Krisztian},
  year={2018},
  publisher={Springer Nature}
}

@inproceedings{bunescu-pasca-2006-using,
    title = "Using Encyclopedic Knowledge for Named entity Disambiguation",
    author = "Bunescu, Razvan  and
      Pa{\c{s}}ca, Marius",
    booktitle = "11th Conference of the {E}uropean Chapter of the Association for Computational Linguistics",
    month = apr,
    year = "2006",
    address = "Trento, Italy",
    publisher = "Association for Computational Linguistics"
}

@inproceedings{perplexity,
    title = "A Perplexity-Based Method for Similar Languages Discrimination",
    author = "Gamallo, Pablo  and
      Pichel, Jose Ramom  and
      Alegria, I{\~n}aki",
    booktitle = "Proceedings of the Fourth Workshop on {NLP} for Similar Languages, Varieties and Dialects ({V}ar{D}ial)",
    month = apr,
    year = "2017",
    address = "Valencia, Spain",
    publisher = "Association for Computational Linguistics",
    doi = "10.18653/v1/W17-1213",
    pages = "109--114"
}

@inproceedings{stanfordNER,
    title = "Incorporating Non-local Information into Information Extraction Systems by {G}ibbs Sampling",
    author = "Finkel, Jenny Rose  and
      Grenager, Trond  and
      Manning, Christopher",
    booktitle = "Proceedings of the 43rd Annual Meeting of the Association for Computational Linguistics ({ACL}{'}05)",
    month = jun,
    year = "2005",
    address = "Ann Arbor, Michigan",
    publisher = "Association for Computational Linguistics",
    url = "https://www.aclweb.org/anthology/P05-1045",
    doi = "10.3115/1219840.1219885",
    pages = "363--370",
}