@article{agricultural,
title = {End-to-end sequence labeling via deep learning for automatic extraction of agricultural regulations},
journal = {Computers and Electronics in Agriculture},
volume = {162},
pages = {106-111},
year = {2019},
issn = {0168-1699},
doi = {https://doi.org/10.1016/j.compag.2019.03.027},
url = {https://www.sciencedirect.com/science/article/pii/S0168169918311402},
author = {Borja Espejo-Garcia and Francisco J. Lopez-Pellicer and Javier Lacasta and Ramón {Piedrafita Moreno} and F. Javier Zarazaga-Soria}
}

@inproceedings{flairpaper,
  title={Contextual string embeddings for sequence labeling},
  author={Akbik, Alan and Blythe, Duncan and Vollgraf, Roland},
  booktitle={Proceedings of the 27th international conference on computational linguistics},
  pages={1638--1649},
  year={2018}
}

@inproceedings{bertEL,
    title = "Investigating Entity Knowledge in {BERT} with Simple Neural End-To-End Entity Linking",
    author = "Broscheit, Samuel",
    booktitle = "Proceedings of the 23rd Conference on Computational Natural Language Learning (CoNLL)",
    month = nov,
    year = "2019",
    address = "Hong Kong, China",
    publisher = "Association for Computational Linguistics",
    url = "https://www.aclweb.org/anthology/K19-1063",
    doi = "10.18653/v1/K19-1063",
    pages = "677--685"
}

@inproceedings{kolitsas,
    title = "End-to-End Neural Entity Linking",
    author = "Kolitsas, Nikolaos  and
      Ganea, Octavian-Eugen  and
      Hofmann, Thomas",
    booktitle = "Proceedings of the 22nd Conference on Computational Natural Language Learning",
    month = oct,
    year = "2018",
    address = "Brussels, Belgium",
    publisher = "Association for Computational Linguistics",
    url = "https://www.aclweb.org/anthology/K18-1050",
    doi = "10.18653/v1/K18-1050",
    pages = "519--529"
}

@inproceedings{scalablezeroshot,
    title = "Scalable Zero-shot Entity Linking with Dense Entity Retrieval",
    author = "Wu, Ledell  and
      Petroni, Fabio  and
      Josifoski, Martin  and
      Riedel, Sebastian  and
      Zettlemoyer, Luke",
    booktitle = "Proceedings of the 2020 Conference on Empirical Methods in Natural Language Processing (EMNLP)",
    month = nov,
    year = "2020",
    address = "Online",
    publisher = "Association for Computational Linguistics",
    url = "https://www.aclweb.org/anthology/2020.emnlp-main.519",
    doi = "10.18653/v1/2020.emnlp-main.519",
    pages = "6397--6407"
}

@inproceedings{tagme,
author = {Ferragina, Paolo and Scaiella, Ugo},
title = {TAGME: On-the-Fly Annotation of Short Text Fragments (by Wikipedia Entities)},
year = {2010},
isbn = {9781450300995},
publisher = {Association for Computing Machinery},
address = {New York, NY, USA},
url = {https://doi.org/10.1145/1871437.1871689},
doi = {10.1145/1871437.1871689},
pages = {1625–1628},
numpages = {4},
keywords = {word sense disambiguation, text mining, wikipedia, semantic annotation},
location = {Toronto, ON, Canada},
series = {CIKM '10}
}

@inproceedings{graphcitation1,
author = {Wu, Junshuang and Zhang, Richong and Mao, Yongyi and Guo, Hongyu and Soflaei, Masoumeh and Huai, Jinpeng},
title = {Dynamic Graph Convolutional Networks for Entity Linking},
year = {2020},
isbn = {9781450370233},
publisher = {Association for Computing Machinery},
address = {New York, NY, USA},
url = {https://doi.org/10.1145/3366423.3380192},
doi = {10.1145/3366423.3380192},
booktitle = {Proceedings of The Web Conference 2020},
pages = {1149–1159},
numpages = {11},
keywords = {Entity linking, dynamic graph convolutional networks, graph attention networks, graph convolutional networks},
location = {Taipei, Taiwan},
series = {WWW '20}
}

@inproceedings{ClinicalConcept,
    title = "Clinical Concept Linking with Contextualized Neural Representations",
    author = "Schumacher, Elliot  and
      Mulyar, Andriy  and
      Dredze, Mark",
    booktitle = "Proceedings of the 58th Annual Meeting of the Association for Computational Linguistics",
    month = jul,
    year = "2020",
    address = "Online",
    publisher = "Association for Computational Linguistics",
    url = "https://www.aclweb.org/anthology/2020.acl-main.760",
    doi = "10.18653/v1/2020.acl-main.760",
    pages = "8585--8592"
}

@inproceedings{NERsurvey,
    title = "A Survey on Recent Advances in Named Entity Recognition from Deep Learning models",
    author = "Yadav, Vikas  and
      Bethard, Steven",
    booktitle = "Proceedings of the 27th International Conference on Computational Linguistics",
    month = aug,
    year = "2018",
    address = "Santa Fe, New Mexico, USA",
    publisher = "Association for Computational Linguistics",
    url = "https://www.aclweb.org/anthology/C18-1182",
    pages = "2145--2158"
}

@inproceedings{NERgazetteer,
    title = "Towards Improving Neural Named Entity Recognition with Gazetteers",
    author = "Liu, Tianyu  and
      Yao, Jin-Ge  and
      Lin, Chin-Yew",
    booktitle = "Proceedings of the 57th Annual Meeting of the Association for Computational Linguistics",
    month = jul,
    year = "2019",
    address = "Florence, Italy",
    publisher = "Association for Computational Linguistics",
    url = "https://www.aclweb.org/anthology/P19-1524",
    doi = "10.18653/v1/P19-1524",
    pages = "5301--5307"
}

@inproceedings{NERDict,
    title = "Named Entity Recognition with Context-Aware Dictionary Knowledge",
    author = "Wu, Chuhan  and
      Wu, Fangzhao  and
      Qi, Tao  and
      Huang, Yongfeng",
    booktitle = "Proceedings of the 19th Chinese National Conference on Computational Linguistics",
    month = oct,
    year = "2020",
    address = "Haikou, China",
    publisher = "Chinese Information Processing Society of China",
    url = "https://www.aclweb.org/anthology/2020.ccl-1.85",
    pages = "915--926"
}

@inproceedings{gupta,
    title = "Entity Linking via Joint Encoding of Types, Descriptions, and Context",
    author = "Gupta, Nitish  and
      Singh, Sameer  and
      Roth, Dan",
    booktitle = "Proceedings of the 2017 Conference on Empirical Methods in Natural Language Processing",
    month = sep,
    year = "2017",
    address = "Copenhagen, Denmark",
    publisher = "Association for Computational Linguistics",
    url = "https://www.aclweb.org/anthology/D17-1284",
    doi = "10.18653/v1/D17-1284",
    pages = "2681--2690"
}

@inproceedings{EntityRep1,
 author = {Socher, Richard and Chen, Danqi and Manning, Christopher D and Ng, Andrew},
 booktitle = {Advances in Neural Information Processing Systems},
 editor = {C. J. C. Burges and L. Bottou and M. Welling and Z. Ghahramani and K. Q. Weinberger},
 pages = {},
 publisher = {Curran Associates, Inc.},
 title = {Reasoning With Neural Tensor Networks for Knowledge Base Completion},
 url = {https://proceedings.neurips.cc/paper/2013/file/b337e84de8752b27eda3a12363109e80-Paper.pdf},
 volume = {26},
 year = {2013}
}

@inproceedings{MedicalTriplet,
    title = "Medical Entity Linking using Triplet Network",
    author = "Mondal, Ishani  and
      Purkayastha, Sukannya  and
      Sarkar, Sudeshna  and
      Goyal, Pawan  and
      Pillai, Jitesh  and
      Bhattacharyya, Amitava  and
      Gattu, Mahanandeeshwar",
    booktitle = "Proceedings of the 2nd Clinical Natural Language Processing Workshop",
    month = jun,
    year = "2019",
    address = "Minneapolis, Minnesota, USA",
    publisher = "Association for Computational Linguistics",
    url = "https://www.aclweb.org/anthology/W19-1912",
    doi = "10.18653/v1/W19-1912",
    pages = "95--100"
}

@InProceedings{RDF2Vec,
author="Ristoski, Petar
and Paulheim, Heiko",
editor="Groth, Paul
and Simperl, Elena
and Gray, Alasdair
and Sabou, Marta
and Kr{\"o}tzsch, Markus
and Lecue, Freddy
and Fl{\"o}ck, Fabian
and Gil, Yolanda",
title="RDF2Vec: RDF Graph Embeddings for Data Mining",
booktitle="The Semantic Web -- ISWC 2016",
year="2016",
publisher="Springer International Publishing",
address="Cham",
pages="498--514"
}

@inproceedings{MedDiffArc,
    title = "Simple Hierarchical Multi-Task Neural End-To-End Entity Linking for Biomedical Text",
    author = "Wiatrak, Maciej  and
      Iso-Sipila, Juha",
    booktitle = "Proceedings of the 11th International Workshop on Health Text Mining and Information Analysis",
    month = nov,
    year = "2020",
    address = "Online",
    publisher = "Association for Computational Linguistics",
    url = "https://www.aclweb.org/anthology/2020.louhi-1.2",
    doi = "10.18653/v1/2020.louhi-1.2",
    pages = "12--17"
}

@INPROCEEDINGS{TechTickets,
  author={N. {Kurz} and F. {Hamann} and A. {Ulges}},
  booktitle={2020 7th Swiss Conference on Data Science (SDS)}, 
  title={Neural Entity Linking on Technical Service Tickets}, 
  year={2020},
  volume={},
  number={},
  pages={35-40},
  doi={10.1109/SDS49233.2020.00014}
 }
 
@inproceedings{NERDict2,
    title = "Learning Named Entity Tagger using Domain-Specific Dictionary",
    author = "Shang, Jingbo  and
      Liu, Liyuan  and
      Gu, Xiaotao  and
      Ren, Xiang  and
      Ren, Teng  and
      Han, Jiawei",
    booktitle = "Proceedings of the 2018 Conference on Empirical Methods in Natural Language Processing",
    month = oct # "-" # nov,
    year = "2018",
    address = "Brussels, Belgium",
    publisher = "Association for Computational Linguistics",
    url = "https://www.aclweb.org/anthology/D18-1230",
    doi = "10.18653/v1/D18-1230",
    pages = "2054--2064"
}

@InProceedings{MedLinker,
author="Loureiro, Daniel
and Jorge, Al{\'i}pio M{\'a}rio",
editor="Jose, Joemon M.
and Yilmaz, Emine
and Magalh{\~a}es, Jo{\~a}o
and Castells, Pablo
and Ferro, Nicola
and Silva, M{\'a}rio J.
and Martins, Fl{\'a}vio",
title="MedLinker: Medical Entity Linking with Neural Representations and Dictionary Matching",
booktitle="Advances in Information Retrieval",
year="2020",
publisher="Springer International Publishing",
address="Cham",
pages="230--237",
isbn="978-3-030-45442-5"
}

@inproceedings{MedFeedback,
  title={A neural multi-task learning framework to jointly model medical named entity recognition and normalization},
  author={Zhao, Sendong and Liu, Ting and Zhao, Sicheng and Wang, Fei},
  booktitle={Proceedings of the AAAI Conference on Artificial Intelligence},
  volume={33},
  pages={817--824},
  year={2019}
}

@Article{quote1,
AUTHOR = {Zhang, Hongzhi and Zhang, Weili and Huang, Tinglei and Liang, Xiao and Fu, Kun},
TITLE = {A Two-Stage Joint Model for Domain-Specific Entity Detection and Linking Leveraging an Unlabeled Corpus},
JOURNAL = {Information},
VOLUME = {8},
YEAR = {2017},
NUMBER = {2},
ARTICLE-NUMBER = {59},
URL = {https://www.mdpi.com/2078-2489/8/2/59},
ISSN = {2078-2489},
DOI = {10.3390/info8020059}
}

@inproceedings{googleintern,
    title = "Learning Dense Representations for Entity Retrieval",
    author = "Gillick, Daniel  and
      Kulkarni, Sayali  and
      Lansing, Larry  and
      Presta, Alessandro  and
      Baldridge, Jason  and
      Ie, Eugene  and
      Garcia-Olano, Diego",
    booktitle = "Proceedings of the 23rd Conference on Computational Natural Language Learning (CoNLL)",
    month = nov,
    year = "2019",
    address = "Hong Kong, China",
    publisher = "Association for Computational Linguistics",
    url = "https://www.aclweb.org/anthology/K19-1049",
    doi = "10.18653/v1/K19-1049",
    pages = "528--537"
}


@inproceedings{cosmetic,
    title = "Headword-Oriented Entity Linking: A Special Entity Linking Task with Dataset and Baseline",
    author = "Yang, Mu  and
      Chen, Chi-Yen  and
      Lee, Yi-Hui  and
      Zeng, Qian-hui  and
      Ma, Wei-Yun  and
      Shih, Chen-Yang  and
      Chen, Wei-Jhih",
    booktitle = "Proceedings of the 12th Language Resources and Evaluation Conference",
    month = may,
    year = "2020",
    address = "Marseille, France",
    publisher = "European Language Resources Association",
    url = "https://www.aclweb.org/anthology/2020.lrec-1.235",
    pages = "1910--1917",
    ISBN = "979-10-95546-34-4"
}

@inproceedings{BERTLayers,
    title = "What{'}s so special about {BERT}{'}s layers? A closer look at the {NLP} pipeline in monolingual and multilingual models",
    author = "de Vries, Wietse  and
      van Cranenburgh, Andreas  and
      Nissim, Malvina",
    booktitle = "Findings of the Association for Computational Linguistics: EMNLP 2020",
    month = nov,
    year = "2020",
    address = "Online",
    publisher = "Association for Computational Linguistics",
    url = "https://www.aclweb.org/anthology/2020.findings-emnlp.389",
    doi = "10.18653/v1/2020.findings-emnlp.389",
    pages = "4339--4350"
}

@inproceedings{tritrain,
    title = "Tri-Train: Automatic Pre-Fine Tuning between Pre-Training and Fine-Tuning for {S}ci{NER}",
    author = "Zeng, Qingkai  and
      Yu, Wenhao  and
      Yu, Mengxia  and
      Jiang, Tianwen  and
      Weninger, Tim  and
      Jiang, Meng",
    booktitle = "Findings of the Association for Computational Linguistics: EMNLP 2020",
    month = nov,
    year = "2020",
    address = "Online",
    publisher = "Association for Computational Linguistics",
    url = "https://www.aclweb.org/anthology/2020.findings-emnlp.429",
    doi = "10.18653/v1/2020.findings-emnlp.429",
    pages = "4778--4787"
}

@inproceedings{word2vectoBERT,
    title = "Inexpensive Domain Adaptation of Pretrained Language Models: Case Studies on Biomedical {NER} and Covid-19 {QA}",
    author = {Poerner, Nina  and
      Waltinger, Ulli  and
      Sch{\"u}tze, Hinrich},
    booktitle = "Findings of the Association for Computational Linguistics: EMNLP 2020",
    month = nov,
    year = "2020",
    address = "Online",
    publisher = "Association for Computational Linguistics",
    url = "https://www.aclweb.org/anthology/2020.findings-emnlp.134",
    doi = "10.18653/v1/2020.findings-emnlp.134",
    pages = "1482--1490"
}

@inproceedings{MoreEmbed,
    title = "More Embeddings, Better Sequence Labelers?",
    author = "Wang, Xinyu  and
      Jiang, Yong  and
      Bach, Nguyen  and
      Wang, Tao  and
      Huang, Zhongqiang  and
      Huang, Fei  and
      Tu, Kewei",
    booktitle = "Findings of the Association for Computational Linguistics: EMNLP 2020",
    month = nov,
    year = "2020",
    address = "Online",
    publisher = "Association for Computational Linguistics",
    url = "https://www.aclweb.org/anthology/2020.findings-emnlp.356",
    doi = "10.18653/v1/2020.findings-emnlp.356",
    pages = "3992--4006"
}

@book{bishop,
author = {Bishop, Christopher M.},
title = {Pattern Recognition and Machine Learning},
year = {2006},
series = {Information Science and Statistics},
isbn = {978-0387-31073-2},
publisher = {Springer}
}

@inproceedings{saga,
author = {Defazio, Aaron and Bach, Francis and Lacoste-Julien, Simon},
title = {SAGA: A Fast Incremental Gradient Method with Support for Non-Strongly Convex Composite Objectives},
year = {2014},
publisher = {MIT Press},
address = {Cambridge, MA, USA},
booktitle = {Proceedings of the 27th International Conference on Neural Information Processing Systems - Volume 1},
pages = {1646–1654},
numpages = {9},
location = {Montreal, Canada},
series = {NIPS'14}
}

@article{scikit,
 title={Scikit-learn: Machine Learning in {P}ython},
 author={Pedregosa, F. and Varoquaux, G. and Gramfort, A. and Michel, V.
         and Thirion, B. and Grisel, O. and Blondel, M. and Prettenhofer, P.
         and Weiss, R. and Dubourg, V. and Vanderplas, J. and Passos, A. and
         Cournapeau, D. and Brucher, M. and Perrot, M. and Duchesnay, E.},
 journal={Journal of Machine Learning Research},
 volume={12},
 pages={2825--2830},
 year={2011}
}

@article{zou2005regularization,
  title={Regularization and variable selection via the elastic net},
  author={Zou, Hui and Hastie, Trevor},
  journal={Journal of the royal statistical society: series B (statistical methodology)},
  volume={67},
  number={2},
  pages={301--320},
  year={2005},
  publisher={Wiley Online Library}
}

@inproceedings{exBERT,
    title = "ex{BERT}: Extending Pre-trained Models with Domain-specific Vocabulary Under Constrained Training Resources",
    author = "Tai, Wen  and
      Kung, H. T.  and
      Dong, Xin  and
      Comiter, Marcus  and
      Kuo, Chang-Fu",
    booktitle = "Findings of the Association for Computational Linguistics: EMNLP 2020",
    month = nov,
    year = "2020",
    address = "Online",
    publisher = "Association for Computational Linguistics",
    url = "https://www.aclweb.org/anthology/2020.findings-emnlp.129",
    doi = "10.18653/v1/2020.findings-emnlp.129",
    pages = "1433--1439"
}

@inproceedings{DontStop,
 author = {Suchin Gururangan and Ana Marasović and Swabha Swayamdipta and Kyle Lo and Iz Beltagy and Doug Downey and Noah A. Smith},
 title = {Don't Stop Pretraining: Adapt Language Models to Domains and Tasks},
 year = {2020},
 booktitle = {Proceedings of ACL}
}

@inproceedings{polyencoder,
title={Poly-encoders: Architectures and Pre-training Strategies for Fast and Accurate Multi-sentence Scoring},
author={Samuel Humeau and Kurt Shuster and Marie-Anne Lachaux and Jason Weston},
booktitle={International Conference on Learning Representations},
year={2020}
}

@article{gerbil,
  author    = {Ricardo Usbeck and
               Michael R{\"{o}}der and
               Michael Hoffmann and
               Felix Conrads and
               Jonathan Huthmann and
               Axel{-}Cyrille Ngonga Ngomo and
               Christian Demmler and
               Christina Unger},
  title     = {Benchmarking question answering systems},
  journal   = {Semantic Web},
  volume    = {10},
  number    = {2},
  pages     = {293--304},
  year      = {2019},
  doi       = {10.3233/SW-180312}
}

@inproceedings{elq,
    title = "Efficient One-Pass End-to-End Entity Linking for Questions",
    author = "Li, Belinda Z.  and
      Min, Sewon  and
      Iyer, Srinivasan  and
      Mehdad, Yashar  and
      Yih, Wen-tau",
    booktitle = "Proceedings of the 2020 Conference on Empirical Methods in Natural Language Processing (EMNLP)",
    month = nov,
    year = "2020",
    address = "Online",
    publisher = "Association for Computational Linguistics",
    url = "https://www.aclweb.org/anthology/2020.emnlp-main.522",
    doi = "10.18653/v1/2020.emnlp-main.522",
    pages = "6433--6441"
}

@article{bm25,
  title={Okapi at TREC-3},
  author={Robertson, Stephen E and Walker, Steve and Jones, Susan and Hancock-Beaulieu, Micheline M and Gatford, Mike and others},
  journal={Nist Special Publication Sp},
  volume={109},
  pages={109},
  year={1995},
  publisher={NATIONAL INSTIUTE OF STANDARDS \& TECHNOLOGY}
}

@BOOK{decisiontree,
  author        = {Leo {Breiman} and J. H. {Friedman} and R. A. {Olshen} and C. J. {Stone}},
  title         = {Classification and Regression Trees},
  year          = {1984},
  publisher     = {Wadsworth Publishing Company},
  address       = {Belmont, California, U.S.A.},
  series        = {Statistics/Probability Series},
  isbn-hard     = {0534980546 (softcover)},
  isbn-soft     = {0534980538 (hardcover)},
}

@inproceedings{lightgbmlib,
author = {Ke, Guolin and Meng, Qi and Finley, Thomas and Wang, Taifeng and Chen, Wei and Ma, Weidong and Ye, Qiwei and Liu, Tie-Yan},
title = {LightGBM: A Highly Efficient Gradient Boosting Decision Tree},
year = {2017},
isbn = {9781510860964},
publisher = {Curran Associates Inc.},
address = {Red Hook, NY, USA},
booktitle = {Proceedings of the 31st International Conference on Neural Information Processing Systems},
pages = {3149–3157},
numpages = {9},
location = {Long Beach, California, USA},
series = {NIPS'17}
}

@article{GBM,
  title={Greedy function approximation: a gradient boosting machine},
  author={Friedman, Jerome H},
  journal={Annals of statistics},
  pages={1189--1232},
  year={2001},
  publisher={JSTOR}
}

@inproceedings{ELinConv,
    title = "Conversational Entity Linking: Problem Definition and Datasets",
    author = "Joko, Hideaki  and
      Hasibi, Faegheh  and
      Balog, Krisztian  and
      de Vries, Arjen P.",
    booktitle = "Proceedings of the 44th International ACM SIGIR Conference on Research and Development in Information Retrieval (SIGIR '21)",
    month = jul,
    year = "2021",
    publisher = "ACM",
    doi = "10.1145/3404835.3463258"
}

@inproceedings{bart,
    title = "{BART}: Denoising Sequence-to-Sequence Pre-training for Natural Language Generation, Translation, and Comprehension",
    author = "Lewis, Mike  and
      Liu, Yinhan  and
      Goyal, Naman  and
      Ghazvininejad, Marjan  and
      Mohamed, Abdelrahman  and
      Levy, Omer  and
      Stoyanov, Veselin  and
      Zettlemoyer, Luke",
    booktitle = "Proceedings of the 58th Annual Meeting of the Association for Computational Linguistics",
    month = jul,
    year = "2020",
    address = "Online",
    publisher = "Association for Computational Linguistics",
    url = "https://www.aclweb.org/anthology/2020.acl-main.703",
    doi = "10.18653/v1/2020.acl-main.703",
    pages = "7871--7880"
}

@inproceedings{
GENRE,
title={Autoregressive Entity Retrieval},
author={Nicola De Cao and Gautier Izacard and Sebastian Riedel and Fabio Petroni},
booktitle={International Conference on Learning Representations},
year={2021},
url={https://openreview.net/forum?id=5k8F6UU39V}
}

@inproceedings{beamsearch,
author = {Sutskever, Ilya and Vinyals, Oriol and Le, Quoc V.},
title = {Sequence to Sequence Learning with Neural Networks},
year = {2014},
publisher = {MIT Press},
address = {Cambridge, MA, USA},
booktitle = {Proceedings of the 27th International Conference on Neural Information Processing Systems - Volume 2},
pages = {3104–3112},
numpages = {9},
location = {Montreal, Canada},
series = {NIPS'14}
}

@inproceedings{NILMentions,
author = {Hoffart, Johannes and Altun, Yasemin and Weikum, Gerhard},
title = {Discovering Emerging Entities with Ambiguous Names},
year = {2014},
isbn = {9781450327442},
publisher = {Association for Computing Machinery},
address = {New York, NY, USA},
doi = {10.1145/2566486.2568003},
booktitle = {Proceedings of the 23rd International Conference on World Wide Web},
pages = {385–396},
numpages = {12},
keywords = {entity disambiguation, knowledge base population, emerging entity discovery},
location = {Seoul, Korea},
series = {WWW '14}
}


@incollection{pytorch,
title = {PyTorch: An Imperative Style, High-Performance Deep Learning Library},
author = {Paszke, Adam and Gross, Sam and Massa, Francisco and Lerer, Adam and Bradbury, James and Chanan, Gregory and Killeen, Trevor and Lin, Zeming and Gimelshein, Natalia and Antiga, Luca and Desmaison, Alban and Kopf, Andreas and Yang, Edward and DeVito, Zachary and Raison, Martin and Tejani, Alykhan and Chilamkurthy, Sasank and Steiner, Benoit and Fang, Lu and Bai, Junjie and Chintala, Soumith},
booktitle = {Advances in Neural Information Processing Systems 32},
editor = {H. Wallach and H. Larochelle and A. Beygelzimer and F. d\textquotesingle Alch\'{e}-Buc and E. Fox and R. Garnett},
pages = {8024--8035},
year = {2019},
publisher = {Curran Associates, Inc.}
}

@book{bhatt,
  title={Introduction to statistical pattern recognition},
  author={Fukunaga, Keinosuke},
  year={2013},
  publisher={Elsevier}
}

@ARTICLE{faiss,
  author={Johnson, Jeff and Douze, Matthijs and Jégou, Hervé},
  journal={IEEE Transactions on Big Data}, 
  title={Billion-scale similarity search with GPUs}, 
  year={2019},
  pages={1-1},
  doi={10.1109/TBDATA.2019.2921572}}

@inproceedings{huggingface,
    title = "Transformers: State-of-the-Art Natural Language Processing",
    author = "Thomas Wolf and Lysandre Debut and Victor Sanh and Julien Chaumond and Clement Delangue and Anthony Moi and Pierric Cistac and Tim Rault and Rémi Louf and Morgan Funtowicz and Joe Davison and Sam Shleifer and Patrick von Platen and Clara Ma and Yacine Jernite and Julien Plu and Canwen Xu and Teven Le Scao and Sylvain Gugger and Mariama Drame and Quentin Lhoest and Alexander M. Rush",
    booktitle = "Proceedings of the 2020 Conference on Empirical Methods in Natural Language Processing: System Demonstrations",
    month = oct,
    year = "2020",
    address = "Online",
    publisher = "Association for Computational Linguistics",
    url = "https://www.aclweb.org/anthology/2020.emnlp-demos.6",
    pages = "38--45"
}

@article{adamopt,
author = {Kingma, Diederik and Ba, Jimmy},
year = {2014},
month = {12},
pages = {},
title = {Adam: A Method for Stochastic Optimization},
journal = {International Conference on Learning Representations}
}

@inproceedings{flairlib,
  title={FLAIR: An easy-to-use framework for state-of-the-art NLP},
  author={Akbik, Alan and Bergmann, Tanja and Blythe, Duncan and Rasul, Kashif and Schweter, Stefan and Vollgraf, Roland},
  booktitle={{NAACL} 2019, 2019 Annual Conference of the North American Chapter of the Association for Computational Linguistics (Demonstrations)},
  pages={54--59},
  year={2019}
}

@article{MedDict,
title = {Incorporating dictionaries into deep neural networks for the Chinese clinical named entity recognition},
author = {Qi Wang and Yangming Zhou and Tong Ruan and Daqi Gao and Yuhang Xia and Ping He},
journal = {Journal of Biomedical Informatics},
volume = {92},
pages = {103133},
year = {2019},
issn = {1532-0464},
doi = {https://doi.org/10.1016/j.jbi.2019.103133},
url = {https://www.sciencedirect.com/science/article/pii/S1532046419300516}
}

@article{latte, 
title={LATTE: Latent Type Modeling for Biomedical Entity Linking}, 
volume={34}, 
url={https://ojs.aaai.org/index.php/AAAI/article/view/6526}, DOI={10.1609/aaai.v34i05.6526},
number={05},
journal={Proceedings of the AAAI Conference on Artificial Intelligence}, 
author={Zhu, Ming and Celikkaya, Busra and Bhatia, Parminder and Reddy, Chandan K.}, 
year={2020}, 
month={Apr.}, 
pages={9757-9764} 
}

@article{quote3,
  author    = {Kathleen C. Fraser and
               Isar Nejadgholi and
               Berry de Bruijn and
               Muqun Li and
               Astha LaPlante and
               Khaldoun Zine El Abidine},
  title     = {Extracting {UMLS} Concepts from Medical Text Using General and Domain-Specific
               Deep Learning Models},
  journal   = {CoRR},
  volume    = {abs/1910.01274},
  year      = {2019},
  eprint    = {1910.01274},
}

@inproceedings{BERT,
    title = "{BERT}: Pre-training of Deep Bidirectional Transformers for Language Understanding",
    author = "Devlin, Jacob  and
      Chang, Ming-Wei  and
      Lee, Kenton  and
      Toutanova, Kristina",
    booktitle = "Proceedings of the 2019 Conference of the North {A}merican Chapter of the Association for Computational Linguistics: Human Language Technologies, Volume 1 (Long and Short Papers)",
    month = jun,
    year = "2019",
    address = "Minneapolis, Minnesota",
    publisher = "Association for Computational Linguistics",
    url = "https://www.aclweb.org/anthology/N19-1423",
    doi = "10.18653/v1/N19-1423",
    pages = "4171--4186"
}

@inproceedings{SciBERT,
    title = "{S}ci{BERT}: A Pretrained Language Model for Scientific Text",
    author = "Beltagy, Iz  and
      Lo, Kyle  and
      Cohan, Arman",
    booktitle = "Proceedings of the 2019 Conference on Empirical Methods in Natural Language Processing and the 9th International Joint Conference on Natural Language Processing (EMNLP-IJCNLP)",
    month = nov,
    year = "2019",
    address = "Hong Kong, China",
    publisher = "Association for Computational Linguistics",
    url = "https://www.aclweb.org/anthology/D19-1371",
    doi = "10.18653/v1/D19-1371",
    pages = "3615--3620"
}

@inproceedings{REL,
 author =    {van Hulst, Johannes M. and Hasibi, Faegheh and Dercksen, Koen and Balog, Krisztian and de Vries, Arjen P.},
 title =     {REL: An Entity Linker Standing on the Shoulders of Giants},
 booktitle = {Proceedings of the 43rd International ACM SIGIR Conference on Research and Development in Information Retrieval},
 series =    {SIGIR '20},
 year =      {2020},
 publisher = {ACM}
}

@inproceedings{StackLSTM,
    title = "Joint Learning of Named Entity Recognition and Entity Linking",
    author = "Martins, Pedro Henrique  and
      Marinho, Zita  and
      Martins, Andr{\'e} F. T.",
    booktitle = "Proceedings of the 57th Annual Meeting of the Association for Computational Linguistics: Student Research Workshop",
    month = jul,
    year = "2019",
    address = "Florence, Italy",
    publisher = "Association for Computational Linguistics",
    url = "https://www.aclweb.org/anthology/P19-2026",
    doi = "10.18653/v1/P19-2026",
    pages = "190--196"
}


@InProceedings{ElsPaper,
author="Kayal, Subhradeep
and Afzal, Zubair
and Tsatsaronis, George
and Doornenbal, Marius
and Katrenko, Sophia
and Gregory, Michelle",
editor="Nicosia, Giuseppe
and Pardalos, Panos
and Giuffrida, Giovanni
and Umeton, Renato
and Sciacca, Vincenzo",
title="A Framework to Automatically Extract Funding Information from Text",
booktitle="Machine Learning, Optimization, and Data Science",
year="2019",
publisher="Springer International Publishing",
address="Cham",
pages="317--328"
}

@inproceedings{AckExtract,
    title = "Acknowledgement Entity Recognition in {CORD}-19 Papers",
    author = "Wu, Jian  and
      Wang, Pei  and
      Wei, Xin  and
      Rajtmajer, Sarah  and
      Giles, C. Lee  and
      Griffin, Christopher",
    booktitle = "Proceedings of the First Workshop on Scholarly Document Processing",
    month = nov,
    year = "2020",
    address = "Online",
    publisher = "Association for Computational Linguistics",
    url = "https://www.aclweb.org/anthology/2020.sdp-1.3",
    doi = "10.18653/v1/2020.sdp-1.3",
    pages = "10--19"
}

@article{CORD,
  title={Cord-19: The covid-19 open research dataset},
  author={Wang, Lucy Lu and Lo, Kyle and Chandrasekhar, Yoganand and Reas, Russell and Yang, Jiangjiang and Eide, Darrin and Funk, Kathryn and Kinney, Rodney and Liu, Ziyang and Merrill, William and others},
  journal={ArXiv},
  year={2020},
  publisher={ArXiv}
}

@ARTICLE{GrantExtractor,
  author={S. {Dai} and Y. {Ding} and Z. {Zhang} and W. {Zuo} and X. {Huang} and S. {Zhu}},
  journal={IEEE/ACM Transactions on Computational Biology and Bioinformatics}, 
  title={GrantExtractor: Accurate Grant Support Information Extraction from Biomedical Fulltext Based on Bi-LSTM-CRF}, 
  year={2021},
  volume={18},
  number={1},
  pages={205-215},
  doi={10.1109/TCBB.2019.2939128}}
  
  @article{onebillion,
  title={One billion word benchmark for measuring progress in statistical language modeling},
  author={Chelba, Ciprian and Mikolov, Tomas and Schuster, Mike and Ge, Qi and Brants, Thorsten and Koehn, Phillipp and Robinson, Tony},
  journal={arXiv preprint arXiv:1312.3005},
  year={2013}
}

 @article{BiLSTMCRF,
  title={Bidirectional LSTM-CRF models for sequence tagging},
  author={Huang, Zhiheng and Xu, Wei and Yu, Kai},
  journal={arXiv preprint arXiv:1508.01991},
  year={2015}
}

@inproceedings{stanza,
    title={Stanza: A {Python} Natural Language Processing Toolkit for Many Human Languages},
    author={Qi, Peng and Zhang, Yuhao and Zhang, Yuhui and Bolton, Jason and Manning, Christopher D.},
    booktitle = "Proceedings of the 58th Annual Meeting of the Association for Computational Linguistics: System Demonstrations",
    year={2020}
}

@article{giles2004gets,
  title={Who gets acknowledged: Measuring scientific contributions through automatic acknowledgment indexing},
  author={Giles, C Lee and Councill, Isaac G},
  journal={Proceedings of the National Academy of Sciences},
  volume={101},
  number={51},
  pages={17599--17604},
  year={2004},
  publisher={National Acad Sciences}
}

@INPROCEEDINGS{bookscorpus,
  author={Zhu, Yukun and Kiros, Ryan and Zemel, Rich and Salakhutdinov, Ruslan and Urtasun, Raquel and Torralba, Antonio and Fidler, Sanja},
  booktitle={2015 IEEE International Conference on Computer Vision (ICCV)}, 
  title={Aligning Books and Movies: Towards Story-Like Visual Explanations by Watching Movies and Reading Books}, 
  year={2015},
  volume={},
  number={},
  pages={19-27},
  doi={10.1109/ICCV.2015.11}}

@inproceedings{LUKE,
    title = "{LUKE}: Deep Contextualized Entity Representations with Entity-aware Self-attention",
    author = "Yamada, Ikuya  and
      Asai, Akari  and
      Shindo, Hiroyuki  and
      Takeda, Hideaki  and
      Matsumoto, Yuji",
    booktitle = "Proceedings of the 2020 Conference on Empirical Methods in Natural Language Processing (EMNLP)",
    month = nov,
    year = "2020",
    address = "Online",
    publisher = "Association for Computational Linguistics",
    url = "https://www.aclweb.org/anthology/2020.emnlp-main.523",
    doi = "10.18653/v1/2020.emnlp-main.523",
    pages = "6442--6454"
}

@article{wordpiece,
  title={Google's neural machine translation system: Bridging the gap between human and machine translation},
  author={Wu, Yonghui and Schuster, Mike and Chen, Zhifeng and Le, Quoc V and Norouzi, Mohammad and Macherey, Wolfgang and Krikun, Maxim and Cao, Yuan and Gao, Qin and Macherey, Klaus and others},
  journal={arXiv preprint arXiv:1609.08144},
  year={2016}
}

@inproceedings{transformer,
 author = {Vaswani, Ashish and Shazeer, Noam and Parmar, Niki and Uszkoreit, Jakob and Jones, Llion and Gomez, Aidan N and Kaiser, \L ukasz and Polosukhin, Illia},
 booktitle = {Advances in Neural Information Processing Systems},
 editor = {I. Guyon and U. V. Luxburg and S. Bengio and H. Wallach and R. Fergus and S. Vishwanathan and R. Garnett},
 pages = {},
 publisher = {Curran Associates, Inc.},
 title = {Attention is All you Need},
 url = {https://proceedings.neurips.cc/paper/2017/file/3f5ee243547dee91fbd053c1c4a845aa-Paper.pdf},
 volume = {30},
 year = {2017}
}

@inproceedings{conll,
    title = "Introduction to the {C}o{NLL}-2003 Shared Task: Language-Independent Named Entity Recognition",
    author = "Tjong Kim Sang, Erik F.  and
      De Meulder, Fien",
    booktitle = "Proceedings of the Seventh Conference on Natural Language Learning at {HLT}-{NAACL} 2003",
    year = "2003",
    url = "https://www.aclweb.org/anthology/W03-0419",
    pages = "142--147",
}

@inproceedings{raiman,
  title={Deeptype: multilingual entity linking by neural type system evolution},
  author={Raiman, Jonathan and Raiman, Olivier},
  booktitle={Proceedings of the AAAI Conference on Artificial Intelligence},
  volume={32},
  year={2018}
}

@inproceedings{mulang,
author = {Mulang', Isaiah Onando and Singh, Kuldeep and Prabhu, Chaitali and Nadgeri, Abhishek and Hoffart, Johannes and Lehmann, Jens},
title = {Evaluating the Impact of Knowledge Graph Context on Entity Disambiguation Models},
year = {2020},
isbn = {9781450368599},
publisher = {Association for Computing Machinery},
address = {New York, NY, USA},
url = {https://doi.org/10.1145/3340531.3412159},
doi = {10.1145/3340531.3412159},
booktitle = {Proceedings of the 29th ACM International Conference on Information \& Knowledge Management},
pages = {2157–2160},
numpages = {4},
location = {Virtual Event, Ireland},
series = {CIKM '20}
}


@article{wikidisamb,
author = {Ferragina, Paolo and Scaiella, Ugo},
title = {Fast and Accurate Annotation of Short Texts with Wikipedia Pages},
year = {2012},
issue_date = {January 2012},
publisher = {IEEE Computer Society Press},
address = {Washington, DC, USA},
volume = {29},
number = {1},
issn = {0740-7459},
url = {https://doi.org/10.1109/MS.2011.122},
doi = {10.1109/MS.2011.122},
journal = {IEEE Softw.},
month = jan,
pages = {70–75},
numpages = {6}
}

@inproceedings{CoNLLYago,
    title = "Robust Disambiguation of Named Entities in Text",
    author = {Hoffart, Johannes  and
      Yosef, Mohamed Amir  and
      Bordino, Ilaria  and
      F{\"u}rstenau, Hagen  and
      Pinkal, Manfred  and
      Spaniol, Marc  and
      Taneva, Bilyana  and
      Thater, Stefan  and
      Weikum, Gerhard},
    booktitle = "Proceedings of the 2011 Conference on Empirical Methods in Natural Language Processing",
    month = jul,
    year = "2011",
    address = "Edinburgh, Scotland, UK.",
    publisher = "Association for Computational Linguistics",
    url = "https://www.aclweb.org/anthology/D11-1072",
    pages = "782--792",
}

@inproceedings{dca,
    title = "Learning Dynamic Context Augmentation for Global Entity Linking",
    author = "Yang, Xiyuan  and
      Gu, Xiaotao  and
      Lin, Sheng  and
      Tang, Siliang  and
      Zhuang, Yueting  and
      Wu, Fei  and
      Chen, Zhigang  and
      Hu, Guoping  and
      Ren, Xiang",
    booktitle = "Proceedings of the 2019 Conference on Empirical Methods in Natural Language Processing and the 9th International Joint Conference on Natural Language Processing (EMNLP-IJCNLP)",
    month = nov,
    year = "2019",
    address = "Hong Kong, China",
    publisher = "Association for Computational Linguistics",
    url = "https://www.aclweb.org/anthology/D19-1026",
    doi = "10.18653/v1/D19-1026",
    pages = "271--281"
}

@inproceedings{wikilinksned,
  title={Fine-Grained Entity Typing for Domain Independent Entity Linking},
  author={Yasumasa Onoe and Greg Durrett},
  booktitle={AAAI},
  year={2020}
}

@article{polyencoders,
  title={Poly-encoders: Transformer architectures and pre-training strategies for fast and accurate multi-sentence scoring},
  author={Humeau, Samuel and Shuster, Kurt and Lachaux, Marie-Anne and Weston, Jason},
  journal={arXiv preprint arXiv:1905.01969},
  year={2019}
}

@inproceedings{glove,
    title = "{G}lo{V}e: Global Vectors for Word Representation",
    author = "Pennington, Jeffrey  and
      Socher, Richard  and
      Manning, Christopher",
    booktitle = "Proceedings of the 2014 Conference on Empirical Methods in Natural Language Processing ({EMNLP})",
    month = oct,
    year = "2014",
    address = "Doha, Qatar",
    publisher = "Association for Computational Linguistics",
    url = "https://www.aclweb.org/anthology/D14-1162",
    doi = "10.3115/v1/D14-1162",
    pages = "1532--1543",
}

@inproceedings{kolitsasEmbed,
    title = "Deep Joint Entity Disambiguation with Local Neural Attention",
    author = "Ganea, Octavian-Eugen  and
      Hofmann, Thomas",
    booktitle = "Proceedings of the 2017 Conference on Empirical Methods in Natural Language Processing",
    month = sep,
    year = "2017",
    address = "Copenhagen, Denmark",
    publisher = "Association for Computational Linguistics",
    url = "https://www.aclweb.org/anthology/D17-1277",
    doi = "10.18653/v1/D17-1277",
    pages = "2619--2629"
}

@book{nlpnotes,
    author    = "Jacob Eisenstein",
    title     = "Natural Language Processing",
    year      = "2018",
    publisher = "GitHub"
}

@inproceedings{mentnorm,
    title = "Improving Entity Linking by Modeling Latent Relations between Mentions",
    author = "Le, Phong  and
      Titov, Ivan",
    booktitle = "Proceedings of the 56th Annual Meeting of the Association for Computational Linguistics (Volume 1: Long Papers)",
    month = jul,
    year = "2018",
    address = "Melbourne, Australia",
    publisher = "Association for Computational Linguistics",
    url = "https://www.aclweb.org/anthology/P18-1148",
    doi = "10.18653/v1/P18-1148",
    pages = "1595--1604"
}

@inproceedings{quote2,
    title = "Automatic Induction of Named Entity Classes from Legal Text Corpora",
    author = "Bourgonje, Peter and Breit, Anna and Khvalchik, Maria and Mireles, Victor and Moreno-Schneider, Julian and Revenko, Artem and Rehm, Georg",
    booktitle = "International Workshop on Artificial Intelligence for Legal Documents (AI4LEGAL2020)",
    month = nov,
    year = "2020",
    volume="2722",
    pages = "1--11"
}

@InProceedings{pretrainedLM,
author="Nagda, Keval
and Mukherjee, Anirudh
and Shah, Milind
and Mulchandani, Pratik
and Kurup, Lakshmi",
editor="Vasudevan, Hari
and Michalas, Antonis
and Shekokar, Narendra
and Narvekar, Meera",
title="Ascent of Pre-trained State-of-the-Art Language Models",
booktitle="Advanced Computing Technologies and Applications",
year="2020",
publisher="Springer Singapore",
address="Singapore",
pages="269--280"
}

@article{w2v,
  title={Efficient estimation of word representations in vector space},
  author={Mikolov, Tomas and Chen, Kai and Corrado, Greg and Dean, Jeffrey},
  journal={arXiv preprint arXiv:1301.3781},
  year={2013}
}

@inproceedings{actualStackLSTM,
    title = "Transition-Based Dependency Parsing with Stack Long Short-Term Memory",
    author = "Dyer, Chris  and
      Ballesteros, Miguel  and
      Ling, Wang  and
      Matthews, Austin  and
      Smith, Noah A.",
    booktitle = "Proceedings of the 53rd Annual Meeting of the Association for Computational Linguistics and the 7th International Joint Conference on Natural Language Processing (Volume 1: Long Papers)",
    month = jul,
    year = "2015",
    address = "Beijing, China",
    publisher = "Association for Computational Linguistics",
    url = "https://www.aclweb.org/anthology/P15-1033",
    doi = "10.3115/v1/P15-1033",
    pages = "334--343",
}

@inproceedings{dbpediaspotlight,
author = {Mendes, Pablo N. and Jakob, Max and Garc\'{\i}a-Silva, Andr\'{e}s and Bizer, Christian},
title = {DBpedia Spotlight: Shedding Light on the Web of Documents},
year = {2011},
isbn = {9781450306218},
publisher = {Association for Computing Machinery},
address = {New York, NY, USA},
url = {https://doi.org/10.1145/2063518.2063519},
doi = {10.1145/2063518.2063519},
booktitle = {Proceedings of the 7th International Conference on Semantic Systems},
pages = {1–8},
numpages = {8},
keywords = {DBpedia, linked data, text annotation, named entity disambiguation},
location = {Graz, Austria},
series = {I-Semantics '11}
}

@article{yamada-etal-2017-learning,
    title = "Learning Distributed Representations of Texts and Entities from Knowledge Base",
    author = "Yamada, Ikuya  and
      Shindo, Hiroyuki  and
      Takeda, Hideaki  and
      Takefuji, Yoshiyasu",
    journal = "Transactions of the Association for Computational Linguistics",
    volume = "5",
    year = "2017",
    url = "https://www.aclweb.org/anthology/Q17-1028",
    doi = "10.1162/tacl_a_00069",
    pages = "397--411"
}

@inproceedings{wikipedia2vec1,
    title = "Joint Learning of the Embedding of Words and Entities for Named Entity Disambiguation",
    author = "Yamada, Ikuya  and
      Shindo, Hiroyuki  and
      Takeda, Hideaki  and
      Takefuji, Yoshiyasu",
    booktitle = "Proceedings of The 20th {SIGNLL} Conference on Computational Natural Language Learning",
    month = aug,
    year = "2016",
    address = "Berlin, Germany",
    publisher = "Association for Computational Linguistics",
    url = "https://www.aclweb.org/anthology/K16-1025",
    doi = "10.18653/v1/K16-1025",
    pages = "250--259",
}

@inproceedings{wikipedia2vec2,
    title = "{W}ikipedia2{V}ec: An Efficient Toolkit for Learning and Visualizing the Embeddings of Words and Entities from {W}ikipedia",
    author = "Yamada, Ikuya  and
      Asai, Akari  and
      Sakuma, Jin  and
      Shindo, Hiroyuki  and
      Takeda, Hideaki  and
      Takefuji, Yoshiyasu  and
      Matsumoto, Yuji",
    booktitle = "Proceedings of the 2020 Conference on Empirical Methods in Natural Language Processing: System Demonstrations",
    month = oct,
    year = "2020",
    address = "Online",
    publisher = "Association for Computational Linguistics",
    url = "https://www.aclweb.org/anthology/2020.emnlp-demos.4",
    doi = "10.18653/v1/2020.emnlp-demos.4",
    pages = "23--30"
}

@inproceedings{TransE,
author = {Bordes, Antoine and Usunier, Nicolas and Garcia-Dur\'{a}n, Alberto and Weston, Jason and Yakhnenko, Oksana},
title = {Translating Embeddings for Modeling Multi-Relational Data},
year = {2013},
publisher = {Curran Associates Inc.},
address = {Red Hook, NY, USA},
booktitle = {Proceedings of the 26th International Conference on Neural Information Processing Systems - Volume 2},
pages = {2787–2795},
numpages = {9},
location = {Lake Tahoe, Nevada},
series = {NIPS'13}
}

@inproceedings{TransEimproved,
    title = "Knowledge Graph Embedding via Dynamic Mapping Matrix",
    author = "Ji, Guoliang  and
      He, Shizhu  and
      Xu, Liheng  and
      Liu, Kang  and
      Zhao, Jun",
    booktitle = "Proceedings of the 53rd Annual Meeting of the Association for Computational Linguistics and the 7th International Joint Conference on Natural Language Processing (Volume 1: Long Papers)",
    month = jul,
    year = "2015",
    address = "Beijing, China",
    publisher = "Association for Computational Linguistics",
    url = "https://www.aclweb.org/anthology/P15-1067",
    doi = "10.3115/v1/P15-1067",
    pages = "687--696",
}

@article{ncbi,
  title={NCBI disease corpus: a resource for disease name recognition and concept normalization},
  author={Do{\u{g}}an, Rezarta Islamaj and Leaman, Robert and Lu, Zhiyong},
  journal={Journal of biomedical informatics},
  volume={47},
  pages={1--10},
  year={2014},
  publisher={Elsevier}
}

@InProceedings{tripletNetwork,
author="Hoffer, Elad
and Ailon, Nir",
editor="Feragen, Aasa
and Pelillo, Marcello
and Loog, Marco",
title="Deep Metric Learning Using Triplet Network",
booktitle="Similarity-Based Pattern Recognition",
year="2015",
publisher="Springer International Publishing",
address="Cham",
pages="84--92",
isbn="978-3-319-24261-3"
}

@article{lstm,
author = {Hochreiter, Sepp and Schmidhuber, J\"{u}rgen},
title = {Long Short-Term Memory},
year = {1997},
issue_date = {November 15, 1997},
publisher = {MIT Press},
address = {Cambridge, MA, USA},
volume = {9},
number = {8},
issn = {0899-7667},
url = {https://doi.org/10.1162/neco.1997.9.8.1735},
doi = {10.1162/neco.1997.9.8.1735},
journal = {Neural Comput.},
month = nov,
pages = {1735–1780},
numpages = {46}
}

@inproceedings{bilstm,
  title={Speech recognition with deep recurrent neural networks},
  author={Graves, Alex and Mohamed, Abdel-rahman and Hinton, Geoffrey},
  booktitle={2013 IEEE international conference on acoustics, speech and signal processing},
  pages={6645--6649},
  year={2013},
  organization={Ieee}
}

@article{bc5cdr,
  title={BioCreative V CDR task corpus: a resource for chemical disease relation extraction},
  author={Li, Jiao and Sun, Yueping and Johnson, Robin J and Sciaky, Daniela and Wei, Chih-Hsuan and Leaman, Robert and Davis, Allan Peter and Mattingly, Carolyn J and Wiegers, Thomas C and Lu, Zhiyong},
  journal={Database},
  volume={2016},
  year={2016},
  publisher={Oxford Academic}
}

@article{medmentions,
  title={Medmentions: a large biomedical corpus annotated with UMLS concepts},
  author={Mohan, Sunil and Li, Donghui},
  journal={arXiv preprint arXiv:1902.09476},
  year={2019}
}

@book{balog,
  title={Entity-oriented search},
  author={Balog, Krisztian},
  year={2018},
  publisher={Springer Nature}
}

@inproceedings{bunescu-pasca-2006-using,
    title = "Using Encyclopedic Knowledge for Named entity Disambiguation",
    author = "Bunescu, Razvan  and
      Pa{\c{s}}ca, Marius",
    booktitle = "11th Conference of the {E}uropean Chapter of the Association for Computational Linguistics",
    month = apr,
    year = "2006",
    address = "Trento, Italy",
    publisher = "Association for Computational Linguistics"
}

@inproceedings{perplexity,
    title = "A Perplexity-Based Method for Similar Languages Discrimination",
    author = "Gamallo, Pablo  and
      Pichel, Jose Ramom  and
      Alegria, I{\~n}aki",
    booktitle = "Proceedings of the Fourth Workshop on {NLP} for Similar Languages, Varieties and Dialects ({V}ar{D}ial)",
    month = apr,
    year = "2017",
    address = "Valencia, Spain",
    publisher = "Association for Computational Linguistics",
    doi = "10.18653/v1/W17-1213",
    pages = "109--114"
}

@inproceedings{stanfordNER,
    title = "Incorporating Non-local Information into Information Extraction Systems by {G}ibbs Sampling",
    author = "Finkel, Jenny Rose  and
      Grenager, Trond  and
      Manning, Christopher",
    booktitle = "Proceedings of the 43rd Annual Meeting of the Association for Computational Linguistics ({ACL}{'}05)",
    month = jun,
    year = "2005",
    address = "Ann Arbor, Michigan",
    publisher = "Association for Computational Linguistics",
    url = "https://www.aclweb.org/anthology/P05-1045",
    doi = "10.3115/1219840.1219885",
    pages = "363--370",
}


@inproceedings{elmo,
    title = "Deep Contextualized Word Representations",
    author = "Peters, Matthew E.  and
      Neumann, Mark  and
      Iyyer, Mohit  and
      Gardner, Matt  and
      Clark, Christopher  and
      Lee, Kenton  and
      Zettlemoyer, Luke",
    booktitle = "Proceedings of the 2018 Conference of the North {A}merican Chapter of the Association for Computational Linguistics: Human Language Technologies, Volume 1 (Long Papers)",
    month = jun,
    year = "2018",
    address = "New Orleans, Louisiana",
    publisher = "Association for Computational Linguistics",
    url = "https://www.aclweb.org/anthology/N18-1202",
    doi = "10.18653/v1/N18-1202",
    pages = "2227--2237"
}


@article{biobert,
    author = {Lee, Jinhyuk and Yoon, Wonjin and Kim, Sungdong and Kim, Donghyeon and Kim, Sunkyu and So, Chan Ho and Kang, Jaewoo},
    title = "{BioBERT: a pre-trained biomedical language representation model for biomedical text mining}",
    journal = {Bioinformatics},
    volume = {36},
    number = {4},
    pages = {1234-1240},
    year = {2019},
    month = {09},
    issn = {1367-4803},
    doi = {10.1093/bioinformatics/btz682},
    url = {https://doi.org/10.1093/bioinformatics/btz682},
    eprint = {https://academic.oup.com/bioinformatics/article-pdf/36/4/1234/32527770/btz682.pdf},
}


@inproceedings{sung-etal,
    title = "Biomedical Entity Representations with Synonym Marginalization",
    author = "Sung, Mujeen  and
      Jeon, Hwisang  and
      Lee, Jinhyuk  and
      Kang, Jaewoo",
    booktitle = "Proceedings of the 58th Annual Meeting of the Association for Computational Linguistics",
    month = jul,
    year = "2020",
    address = "Online",
    publisher = "Association for Computational Linguistics",
    url = "https://www.aclweb.org/anthology/2020.acl-main.335",
    doi = "10.18653/v1/2020.acl-main.335",
    pages = "3641--3650"
}